
@book{blitzstein_introduction_2015,
	title = {Introduction to Probability},
	isbn = {978-1-4665-7557-8 978-1-4665-7559-2},
	language = {en},
	author = {Blitzstein, Joseph K and Hwang, Jessica},
	year = {2015},
	file = {Blitzstein and Hwang - 2015 - Introduction to probability.pdf:/home/nadia/ownCloud/Causality_2021/OrganizedResources/math/Handout/Eco204/Books/Blitzstein and Hwang - 2015 - Introduction to probability.pdf:application/pdf},
}

@book{anderson_statistics_2020,
	address = {Boston, MA},
	edition = {14th},
	title = {Statistics for Business \& Economics},
	isbn = {978-1-337-90106-2},
	language = {en},
	publisher = {Cengage},
	author = {Anderson, David R. and Sweeney, Dennis J. and Williams, Thomas A. and Camm, Jeffrey D. and Cochran, James J. and Fry, Michael J. and Ohlmann, Jeffrey W.},
	year = {2020},
	keywords = {Statistical methods, Statistics, Economics, Methodology, Commercial statistics},
	file = {Anderson et al. - 2020 - Statistics for business & economics.pdf:/home/nadia/ownCloud/Causality_2021/OrganizedResources/math/Handout/Eco204/Books/Anderson et al. - 2020 - Statistics for business & economics.pdf:application/pdf},
}

@book{ramachandran_mathematical_2020,
	address = {Philadelphia},
	edition = {3rd},
	title = {Mathematical Statistics with Applications in R},
	isbn = {978-0-12-817815-7},
	language = {en},
	publisher = {Elsevier},
	author = {Ramachandran, Kandethody M. and Tsokos, Chris P.},
	year = {2020},
	file = {Ramachandran and Tsokos - 2020 - Mathematical statistics with applications in r.pdf:/home/nadia/ownCloud/Causality_2021/OrganizedResources/math/Handout/Eco204/Books/Ramachandran and Tsokos - 2020 - Mathematical statistics with applications in r.pdf:application/pdf},
}

@book{rice_mathematical_2007,
	address = {Belmont, CA},
	edition = {3rd},
	series = {Duxbury advanced series},
	title = {Mathematical Statistics and Data Analysis},
	isbn = {978-0-534-39942-9},
	language = {en},
	publisher = {Thomson/Brooks/Cole},
	author = {Rice, John A.},
	year = {2007},
	keywords = {Statistics},
	file = {Rice - 2007 - Mathematical statistics and data analysis.pdf:/home/nadia/ownCloud/Causality_2021/OrganizedResources/math/Handout/Eco204/Books/Rice - 2007 - Mathematical statistics and data analysis.pdf:application/pdf},
}



@book{newbold_statistics_2020,
	address = {Harlow, England},
	edition = {9th, Global},
	title = {Statistics for Business and Economics},
	isbn = {978-1-292-31503-4},
	language = {en},
	publisher = {Pearson},
	author = {Newbold, Paul and Carlson, William L. and Thorne, Betty M.},
	year = {2020},
	file = {Newbold et al. - 2020 - Statistics for business and economics.pdf:/home/nadia/ownCloud/Causality_2021/OrganizedResources/math/Handout/Eco204/Books/Newbold et al. - 2020 - Statistics for business and economics.pdf:application/pdf},
}

@book{degroot_probability_2012,
	address = {Boston},
	edition = {4th},
	title = {Probability and Statistics},
	isbn = {978-0-321-50046-5},
	language = {en},
	publisher = {Addison-Wesley},
	author = {DeGroot, Morris H. and Schervish, Mark J.},
	year = {2012},
	keywords = {Probabilities, Mathematical statistics, Textbooks},
	file = {DeGroot and Schervish - 2012 - Probability and statistics.pdf:/home/nadia/ownCloud/Causality_2021/OrganizedResources/math/Handout/Eco204/Books/DeGroot and Schervish - 2012 - Probability and statistics.pdf:application/pdf},
}

@book{casella_statistical_2002,
	address = {Australia ; Pacific Grove, CA},
	edition = {2nd},
	title = {Statistical Inference},
	isbn = {978-0-534-24312-8},
	language = {en},
	publisher = {Thomson Learning},
	author = {Casella, George and Berger, Roger L.},
	year = {2002},
	keywords = {Probabilities, Mathematical statistics},
	file = {Casella and Berger - 2002 - Statistical inference.pdf:/home/nadia/ownCloud/Causality_2021/OrganizedResources/math/Handout/Eco204/Books/Casella and Berger - 2002 - Statistical inference.pdf:application/pdf},
}






@book{hansen_econometrics_2022,
	address = {Princeton},
	title = {Econometrics},
	isbn = {978-0-691-23589-9},
	language = {English},
	publisher = {Princeton University Press},
	author = {Hansen, Bruce},
	year = {2022},
}


@book{bertsekas2008introduction,
  title={Introduction to probability},
  author={Bertsekas, Dimitri and Tsitsiklis, John N},
  year={2008},
  edition = {2nd},
  publisher={Athena Scientific}
}


@book{pishro2016introduction,
  title={Introduction to probability, statistics, and random processes},
  author={Pishro-Nik, Hossein},
  year={2016}
}
